@mastersthesis{washington10,
	author = "J.N. Washington",
	title = "Sonority-based affix unfaithfulness in {T}urkic languages",
	school = "Univerity of Washington",
	year = "2010",
	month = "August",
}

@inproceedings{radziszewskisniatowski11,
	author = "A. Radziszewski and T. Śniatowski",
	title = "Maca --- a configurable tool to integrate {P}olish morphological data",
	year = "2011",
	month = "January",
	pages = "29-36",
	journal = "Proceedings of the Second International Workshop on Free/Open-Source Rule-Based Machine Translations",
	editor = "F. Sánchez-Martínez and J.A. Pérez-Ortiz",
	address = "Barcelona, Spain",
}

@book{hebertpoppe1963,
	author = "R.J. Hebert and N. Poppe",
	title = "Kirghiz Manual",
	publisher = "The Hague: Mouton \& Co.",
	publisher2 = "Bloomington: Indiana University",
	series = "Uralic and Altaic Series",
	volume = "33",
	year = "1963",
}

@article{forcada2011,
	author = "M.L. Forcada and M. Ginestí-Rosell and J. Nordfalk and J. O'Regan and S. Ortiz-Rojas and J.A. Pérez-Ortiz and F. Sánchez-Martínez and G. Ramírez-Sánchez and F.M. Tyers",
	year = "2011",
	title = "\href{http://www.springerlink.com/content/h134p1j73377071k/}{Apertium: a free/open-source platform for rule-based machine translation}",
	journal = "Machine Translation",
	volume = "24",
	number = "1",
	pages = "1--18",
}

@book{lewis2009,
	editor = "M.P. Lewis",
	year = "2009",
	title = "Ethnologue: Languages of the World",
	edition = "Sixteenth",
	publisher = "Dallas, Tex.: SIL International",
	note = "Online version: \href{http://www.ethnologue.com/}{http://www.ethnologue.com/}",
}

@article{linden2011,
	author = "K. Lindén and E. Axelson and S. Hardwick and T. Pirinen and M. Silfverberg",
	year = "2011",
	title = "HFST---Framework for Compiling and Applying Morphologies",
	journal = "Systems and Frameworks for Computational Morphology",
}

@article{coltekin2010,
	author = "Çöltekin, Ç.",
	year =  "2010",
	title = "A Freely Available Morphological Analyzer for {T}urkish",
	journal = "Proceedings of the 7th International Conference on Language Resources and Evaluation (LREC2010)",
	pages = "820-827",
}

@book{factbook2009,
	title = "The World Factbook 2009",
	year = "2009",
	publisher = "Washington, DC: Central Intelligence Agency",
	note = "\href{https://www.cia.gov/library/publications/the-world-factbook/index.html}{https://www.cia.gov/library/publications/the-world-factbook/index.html}",
	author = "{Central Intelligence Agency}",
	key = "Factbook",
}

@article{sproat,
	author = "R. Sproat",
	title = "Morphology and Compuation",
	note = "FIXME: YEAR, JOURNAL",
}

@article{altintas2001,
	author = "K. Altintas",
	year = "2001",
	title = "A Morphological Analyser for {C}rimean {T}atar",
	journal = "Proceedings of Turkish Artificial Intelligence and Neural Network Conference",
}

@article{tantug2006,
	author = "A.C. Tantuğ and E. Adalı and K. Oflazer",
	year = "2006",
	title = "Computer Analysis of {T}urkmen Language Morphology",
	journal = "Advances in natural language processing, proceedings (Lecture notes in artificial intelligence)",
	pages = "186-193",
}

@book{usonalievomuraliev2003,
	title = "Азыркы кыргыз тилинин таблицалары (Фонетика, морфология жана синтаксис)",
	author = "С. Үсөналиев and Б. Өмүралиев",
	publisher = "Бишкек: АРХИ",
	year = "2003",
}

@book{jumakunova2005,
	title = "Түркчө-Кыргызча Сөздүк",
	author = "Г. Жумакунова",
	publisher = "Бишкек: Кыргыз-Түрк Манас университети",
	year = "2005",
}

@book{jumakunova2005lat,
	title = "Türkçö-Qırğızça Sözdük",
	author = "G. Jumaqunova",
	publisher = "Bişkek: Qırğız-Türk Manas universiteti",
	year = "2005",
}

@book{yudakhin1965,
	AUTHOR = "К.К. Юдахин",
	title = "Кыргызча-орусча сөздүк",
	publisher = "Москва: «Советская Энциклопедия» басмасы",
	year = "1965",
}

@book{yudakhin1957,
	AUTHOR = "К.К. Юдахин",
	title = "Орусча-кыргызча сөздүк",
	publisher = "Москва: Государственное издательсвто иностранных и национальных словарей",
	year = "1957",
}

@book{somfaikara2003,
	AUTHOR = "Somfai Kara, D.",
	TITLE = "Kyrgyz",
	PUBLISHER = "München: Lincom Europa",
	YEAR = "2003",
}

@book{imart1981,
	AUTHOR = "G. Imart",
	TITLE = "Le Kirghiz (Turk d'Asie Centrale Soviétique): Description d'une langue de littérisation récente",
	YEAR = "1981",
	PUBLISHER = "Aix-en-Provence: L'université de Provence",
}

@book{qudaybergenov1980,
	year = "1980",
	title = "Кыргыз адабий тилинин грамматикасы",
	publisher = "Фрунзе: Илим",
	editor = "С. Кудайбергенов and А. Турсунов and Ж. Сыдыков",
}

@inproceedings{garrido-alenda02,
    author = {Alicia Garrido-Alenda and Mikel L. Forcada and Rafael C. Carrasco},
    title = {Incremental Construction and Maintenance of Morphological Analysers Based on Augmented Letter Transducers},
    booktitle = {Proceedings of TMI 2002 (Theoretical and Methodological Issues in Machine Translation, Keihanna/Kyoto, Japan)},
    pages = {53--62},
    year = {2002}
}


